<?xml version="1.0" encoding="UTF-8"?><record xmlns="http://www.loc.gov/MARC21/slim" xmlns:cinclude="http://apache.org/cocoon/include/1.0" xmlns:zs="http://www.loc.gov/zing/srw/">
  <leader>00602cz  a2200169n  4500</leader>
  <controlfield tag="001">no2009147546</controlfield>
  <controlfield tag="003">DLC</controlfield>
  <controlfield tag="005">20130327083348.0</controlfield>
  <controlfield tag="008">090917n| azannaabn          |a aaa     c</controlfield>
  <datafield tag="010" ind1=" " ind2=" ">
    <subfield code="a">no2009147546</subfield>
  </datafield>
  <datafield tag="035" ind1=" " ind2=" ">
    <subfield code="a">(OCoLC)oca08242195</subfield>
  </datafield>
  <datafield tag="040" ind1=" " ind2=" ">
    <subfield code="a">NcU</subfield>
    <subfield code="b">eng</subfield>
    <subfield code="e">rda</subfield>
    <subfield code="c">NcU</subfield>
    <subfield code="d">DLC</subfield>
  </datafield>
  <datafield tag="046" ind1=" " ind2=" ">
    <subfield code="f">19441105</subfield>
  </datafield>
  <datafield tag="100" ind1="1" ind2=" ">
    <subfield code="a">Nadeau, Robert,</subfield>
    <subfield code="d">1944 November 5-</subfield>
  </datafield>
  <datafield tag="400" ind1="1" ind2=" ">
    <subfield code="w">nnea</subfield>
    <subfield code="a">Nadeau, Robert,</subfield>
    <subfield code="d">1944 Nov. 5-</subfield>
  </datafield>
  <datafield tag="670" ind1=" " ind2=" ">
    <subfield code="a">Philosophies de la connaissance, 2009:</subfield>
    <subfield code="b">t.p. (Robert Nadeau)</subfield>
  </datafield>
  <datafield tag="670" ind1=" " ind2=" ">
    <subfield code="a">Robert Nadeau, CV</subfield>
    <subfield code="b">(Robert Nadeau, b. 5 November 1944; Montreal, Canada)</subfield>
    <subfield code="u">http://www.er.uqam.ca/nobel/philuqam/dept/cv.php?id=13</subfield>
  </datafield>
</record>